brill@book{chow2003probability,
  title={Probability theory: independence, interchangeability, martingales},
  author={Chow, Yuan Shih and Teicher, Henry},
  year={2003},
  publisher={Springer},
  volume={Texts in Statistics}
}

@book{leadbetter2012extremes,
  title={Extremes and related properties of random sequences and processes},
  author={Leadbetter, Malcolm R and Lindgren, Georg and Rootz{\'e}n, Holger},
  year={2012},
  publisher={Springer Science \& Business Media}
}

@inproceedings{anderson1980local,
  title={Local limit theorems for the maxima of discrete random variables},
  author={Anderson, CW},
  booktitle={Mathematical Proceedings of the Cambridge Philosophical Society},
  volume={88},
  number={1},
  pages={161--165},
  year={1980},
  organization={Cambridge University Press}
}

@article{anderson1970extreme,
  title={Extreme value theory for a class of discrete distributions with applications to some stochastic processes},
  author={Anderson, CW},
  journal={Journal of Applied Probability},
  volume={7},
  number={1},
  pages={99--113},
  year={1970},
  publisher={Cambridge University Press}
}

@article{briggs2009note,
  title={A note on the distribution of the maximum of a set of poisson random variables},
  author={Briggs, Keith M and Song, Linlin and Prellberg, Thomas},
  journal={arXiv preprint arXiv:0903.4373},
  year={2009}
}

@article{kimber1983note,
  title={A note on Poisson maxima},
  author={Kimber, AC},
  journal={Zeitschrift f{\"u}r Wahrscheinlichkeitstheorie und Verwandte Gebiete},
  volume={63},
  number={4},
  pages={551--552},
  year={1983},
  publisher={Springer}
}

@book{massart2007concentration,
  title={Concentration inequalities and model selection},
  author={Massart, Pascal},
  volume={6},
  year={2007},
  publisher={Springer}
}

@article{piccolo1990distance,
  title={A distance measure for classifying ARIMA models},
  author={Piccolo, Domenico},
  journal={Journal of Time Series Analysis},
  volume={11},
  number={2},
  pages={153--164},
  year={1990},
  publisher={Wiley Online Library}
}

@article{otranto2004classifying,
  title={Classifying the markets volatility with ARMA distance measures},
  author={Otranto, Edoardo and others},
  journal={Quaderni di Statistica},
  volume={6},
  pages={1--19},
  year={2004}
}

@article{chernozhukov2017lava,
  title={A lava attack on the recovery of sums of dense and sparse signals},
  author={Chernozhukov, Victor and Hansen, Christian and Liao, Yuan and others},
  journal={The Annals of Statistics},
  volume={45},
  number={1},
  pages={39--76},
  year={2017},
  publisher={Institute of Mathematical Statistics}
}

@article{anastasiou2019detecting,
  title={Detecting multiple generalized change-points by isolating single ones},
  author={Anastasiou, Andreas and Fryzlewicz, Piotr},
  journal={arXiv preprint arXiv:1901.10852},
  year={2019}
}

@article{baranowski2019narrowest,
  title={Narrowest-over-threshold detection of multiple change points and change-point-like features},
  author={Baranowski, Rafal and Chen, Yining and Fryzlewicz, Piotr},
  journal={Journal of the Royal Statistical Society: Series B (Statistical Methodology)},
  volume={81},
  number={3},
  pages={649--672},
  year={2019},
  publisher={Wiley Online Library}
}

@article{luciani2014forecasting,
  title={Forecasting with approximate dynamic factor models: The role of non-pervasive shocks},
  author={Luciani, Matteo},
  journal={International Journal of Forecasting},
  volume={30},
  number={1},
  pages={20--29},
  year={2014},
  publisher={Elsevier}
}

@article{maeng2019detecting,
  title={Detecting linear trend changes and point anomalies in data sequences},
  author={Maeng, Hyeyoung and Fryzlewicz, Piotr},
  journal={arXiv preprint: 1906.01939},
  year={2019}
}

@article{fearnhead2020relating,
  title={Relating and Comparing Methods for Detecting Changes in Mean},
  author={Fearnhead, Paul and Rigaill, Guillem},
  journal={Stat},
  pages={e291},
  year={2020},
  publisher={Wiley Online Library}
}

@phdthesis{maidstone2016efficient,
  title={Efficient analysis of complex changepoint problems},
  author={Maidstone, Robert},
  year={2016},
  school={Lancaster University}
}

@article{weinmann2015iterative,
  title={Iterative Potts and Blake--Zisserman minimization for the recovery of functions with discontinuities from indirect measurements},
  author={Weinmann, Andreas and Storath, Martin},
  journal={Proceedings of the Royal Society A: Mathematical, Physical and Engineering Sciences},
  volume={471},
  number={2176},
  pages={20140638},
  year={2015},
  publisher={The Royal Society Publishing}
}

@article{tome2004piecewise,
  title={Piecewise linear fitting and trend changing points of climate parameters},
  author={Tom{\'e}, AR and Miranda, PMA},
  journal={Geophysical Research Letters},
  volume={31},
  number={2},
  year={2004},
  publisher={Wiley Online Library}
}

@article{karl2000record,
  title={The record breaking global temperatures of 1997 and 1998: Evidence for an increase in the rate of global warming?},
  author={Karl, Thomas R and Knight, Richard W and Baker, Bruce},
  journal={Geophysical Research Letters},
  volume={27},
  number={5},
  pages={719--722},
  year={2000},
  publisher={Wiley Online Library}
}

@article{maidstone2017detecting,
  title={Detecting changes in slope with an $ L\_0 $ penalty},
  author={Maidstone, Robert and Fearnhead, Paul and Letchford, Adam},
  journal={arXiv preprint arXiv:1701.01672},
  year={2017}
}

@article{tibshirani2014adaptive,
  title={Adaptive piecewise polynomial estimation via trend filtering},
  author={Tibshirani, Ryan J and others},
  journal={The Annals of Statistics},
  volume={42},
  number={1},
  pages={285--323},
  year={2014},
  publisher={Institute of Mathematical Statistics}
}

@article{rojas2014change,
  title={On change point detection using the fused lasso method},
  author={Rojas, Cristian R and Wahlberg, Bo},
  journal={arXiv preprint arXiv:1401.5408},
  year={2014}
}

@inproceedings{lin2017sharp,
  title={A sharp error analysis for the fused lasso, with application to approximate changepoint screening},
  author={Lin, Kevin and Sharpnack, James L and Rinaldo, Alessandro and Tibshirani, Ryan J},
  booktitle={Advances in Neural Information Processing Systems},
  pages={6884--6893},
  year={2017}
}

@inproceedings{vostrikova1981detecting,
  title={Detecting “disorder” in multidimensional random processes},
  author={Vostrikova, Lyudmila Yur'evna},
  booktitle={Doklady Akademii Nauk},
  volume={259},
  number={2},
  pages={270--274},
  year={1981},
  organization={Russian Academy of Sciences}
}

@article{cho2015multiple,
  title={Multiple-change-point detection for high dimensional time series via sparsified binary segmentation},
  author={Cho, Haeran and Fryzlewicz, Piotr},
  journal={Journal of the Royal Statistical Society: Series B (Statistical Methodology)},
  volume={77},
  number={2},
  pages={475--507},
  year={2015},
  publisher={Wiley Online Library}
}

@article{enikeeva2013high,
  title={High-dimensional change-point detection with sparse alternatives},
  author={Enikeeva, Farida and Harchaoui, Zaid},
  journal={arXiv preprint arXiv:1312.1900},
  year={2013}
}

@phdthesis{maeng2019adaptive,
  title={Adaptive multiscale approaches to regression and trend segmentation},
  author={Maeng, Hyeyoung},
  year={2019},
  school={The London School of Economics and Political Science (LSE)}
}

@article{cho2016change,
  title={Change-point detection in panel data via double CUSUM statistic},
  author={Cho, Haeran},
  journal={Electronic Journal of Statistics},
  volume={10},
  number={2},
  pages={2000--2038},
  year={2016},
  publisher={The Institute of Mathematical Statistics and the Bernoulli Society}
}

@article{fryzlewicz2018tail,
  title={Tail-greedy bottom-up data decompositions and fast multiple change-point detection},
  author={Fryzlewicz, Piotr},
  journal={The Annals of Statistics},
  volume={46},
  number={6B},
  pages={3390--3421},
  year={2018},
  publisher={Institute of Mathematical Statistics}
}

@article{kim2009ell_1,
  title={$\backslash$ell\_1 trend filtering},
  author={Kim, Seung-Jean and Koh, Kwangmoo and Boyd, Stephen and Gorinevsky, Dimitry},
  journal={SIAM review},
  volume={51},
  number={2},
  pages={339--360},
  year={2009},
  publisher={SIAM}
}

@article{grundy2020high,
  title={High-dimensional changepoint detection via a geometrically inspired mapping},
  author={Grundy, Thomas and Killick, Rebecca and Mihaylov, Gueorgui},
  journal={Statistics and Computing},
  volume={30},
  number={4},
  pages={1155--1166},
  year={2020},
  publisher={Springer}
}

@article{aston2014efficiency,
  title={Efficiency of change point tests in high dimensional settings},
  author={Aston, John AD and Kirch, Claudia},
  journal={arXiv preprint arXiv:1409.1771},
  year={2014}
}

@article{wang2018high,
  title={High dimensional change point estimation via sparse projection},
  author={Wang, Tengyao and Samworth, Richard J},
  journal={Journal of the Royal Statistical Society: Series B (Statistical Methodology)},
  volume={80},
  number={1},
  pages={57--83},
  year={2018},
  publisher={Wiley Online Library}
}

@article{chen2020jump,
  title={Jump or kink: note on super-efficiency in segmented linear regression break-point estimation},
  author={Chen, Yining},
  journal={Biometrika},
  year={2020}
}

@article{Dass2015,
doi = {10.5705/ss.2012.308},
issn = {10170405},
journal = {Statistica Sinica},
number = {2},
pages = {677--708},
title = {Clustering curves based on change point analysis : a nonparametric Bayesian approach},
author={Dass, Sarat C and Lim, Chae Young and Maiti, Tapabrata and Zhang, Zhen},
volume = {25},
year = {2015}
}

@article{liu2010piecewise,
  title={A piecewise linear model for detecting climatic trends and their structural changes with application to mesosphere/lower thermosphere winds over Collm, Germany},
  author={Liu, RQ and Jacobi, Ch and Hoffmann, P and Stober, G and Merzlyakov, EG},
  journal={Journal of Geophysical Research: Atmospheres},
  volume={115},
  number={D22},
  year={2010},
  publisher={Wiley Online Library}
}

@inproceedings{yin2011financial,
  title={Financial time series segmentation based on Turning Points},
  author={Yin, Jiangling and Si, Yain-Whar and Gong, Zhiguo},
  booktitle={Proceedings 2011 International Conference on System Science and Engineering},
  pages={394--399},
  year={2011},
  organization={IEEE}
}

@article{Baranowski,
author = {Baranowski, Rafal and Chen, Yining and Fryzlewicz, Piotr},
title = {Online supplementary materials for “ Narrowest-Over-Threshold Detection of Multiple Change-points and Change-point-like Features ”}, 
journal={Journal of the Royal Statistical Society: Series B (Statistical Methodology)},
volume={81},
number={3},
pages={649--672},
year={2019},
publisher={Wiley Online Library}
}

@article{kneip1992statistical,
  title={Statistical tools to analyze data representing a sample of curves},
  author={Kneip, Alois and Gasser, Theo},
  journal={The Annals of Statistics},
  pages={1266--1305},
  year={1992},
  publisher={JSTOR}
}


@article{liu2019minimax,
  title={Minimax rates in sparse, high-dimensional changepoint detection},
  author={Liu, Haoyang and Gao, Chao and Samworth, Richard J},
  journal={arXiv preprint arXiv:1907.10012},
  year={2019}
}

@article{xie2012change,
  title={Change-point detection for high-dimensional time series with missing data},
  author={Xie, Yao and Huang, Jiaji and Willett, Rebecca},
  journal={IEEE Journal of Selected Topics in Signal Processing},
  volume={7},
  number={1},
  pages={12--27},
  year={2012},
  publisher={IEEE}
}

@article{soh2017high,
  title={High-dimensional change-point estimation: Combining filtering with convex optimization},
  author={Soh, Yong Sheng and Chandrasekaran, Venkat},
  journal={Applied and Computational Harmonic Analysis},
  volume={43},
  number={1},
  pages={122--147},
  year={2017},
  publisher={Elsevier}
}

@misc{barigozzi2018,
 title={Dynamic Factor Models}, 
 author={Barigozzi, Matteo},
 year={2019}, 
 publisher={ London School of Economics and Political Science, Statistics Department}
}

@article{bickel2008regularized,
  title={Regularized estimation of large covariance matrices},
  author={Bickel, Peter J and Levina, Elizaveta and others},
  journal={The Annals of Statistics},
  volume={36},
  number={1},
  pages={199--227},
  year={2008},
  publisher={Institute of Mathematical Statistics}
}

@article{kirch2012testing,
  title={Testing for parameter stability in nonlinear autoregressive models},
  author={Kirch, Claudia and Kamgaing, Joseph Tadjuidje},
  journal={Journal of Time Series Analysis},
  volume={33},
  number={3},
  pages={365--385},
  year={2012},
  publisher={Wiley Online Library}
}

@article{donoho1994ideal,
  title={Ideal denoising in an orthonormal basis chosen from a library of bases},
  author={Donoho, David L and Johnstone, Iain M and others},
  journal={Comptes rendus de l'Acad{\'e}mie des sciences. S{\'e}rie I, Math{\'e}matique},
  volume={319},
  number={12},
  pages={1317--1322},
  year={1994},
  publisher={Citeseer}
}

@article{donoho1995wavelet,
  title={Wavelet shrinkage: asymptopia?},
  author={Donoho, David L and Johnstone, Iain M and Kerkyacharian, G{\'e}rard and Picard, Dominique},
  journal={Journal of the Royal Statistical Society: Series B (Methodological)},
  volume={57},
  number={2},
  pages={301--337},
  year={1995},
  publisher={Wiley Online Library}
}

@article{donoho1997cart,
  title={CART and best-ortho-basis: a connection},
  author={Donoho, David L and others},
  journal={The Annals of Statistics},
  volume={25},
  number={5},
  pages={1870--1911},
  year={1997},
  publisher={Institute of Mathematical Statistics}
}

@article{rousseeuw1993alternatives,
  title={Alternatives to the median absolute deviation},
  author={Rousseeuw, Peter J and Croux, Christophe},
  journal={Journal of the American Statistical association},
  volume={88},
  number={424},
  pages={1273--1283},
  year={1993},
  publisher={Taylor \& Francis}
}

@article{kovacs2020seeded,
  title={Seeded intervals and noise level estimation in change point detection: A discussion of Fryzlewicz (2020)},
  author={Kov{\'a}cs, Solt and Li, Housen and B{\"u}hlmann, Peter},
  journal={arXiv preprint arXiv:2006.12806},
  year={2020}
}

@article{hampel1974influence,
  title={The influence curve and its role in robust estimation},
  author={Hampel, Frank R},
  journal={Journal of the american statistical association},
  volume={69},
  number={346},
  pages={383--393},
  year={1974},
  publisher={Taylor \& Francis}
}

@article{fryzlewicz2007unbalanced,
  title={Unbalanced Haar technique for nonparametric function estimation},
  author={Fryzlewicz, Piotr},
  journal={Journal of the American Statistical Association},
  volume={102},
  number={480},
  pages={1318--1327},
  year={2007},
  publisher={Taylor \& Francis}
}

@article{darling1956limit,
  title={A limit theorem for the maximum of normalized sums of independent random variables},
  author={Darling, Donald A and Erd{\"o}s, Paul and others},
  journal={Duke Math. J},
  volume={23},
  number={1},
  pages={143--155},
  year={1956}
}

@article{darling1956limit,
  title={A limit theorem for the maximum of normalized sums of independent random variables},
  author={Darling, Donald A and Erd{\"o}s, Paul and others},
  journal={Duke Math. J},
  volume={23},
  number={1},
  pages={143--155},
  year={1956}
}

@article{venkatraman1993consistency,
  title={Consistency results in multiple change-point problems.},
  author={Venkatraman, Ennapadam Seshan},
  year={1993}
}

@article{kovacs2020general,
  title={Seeded Binary Segmentation: A general methodology for fast and optimal change point detection},
  author={Kov{\'a}cs, Solt and Li, Housen and B{\"u}hlmann, Peter and Munk, Axel},
  journal={arXiv preprint arXiv:2002.06633},
  year={2020}
}

@article{bai1996computation,
  title={Computation and analysis of multiple structural change models},
  author={Bai, Jushan and Perron, Pierre},
  journal={Journal of applied econometrics},
  volume={18},
  number={1},
  pages={1--22},
  year={1996},
  publisher={Wiley Online Library}
}

@article{bai1998estimating,
  title={Estimating and testing linear models with multiple structural changes},
  author={Bai, Jushan and Perron, Pierre},
  journal={Econometrica},
  pages={47--78},
  year={1998},
  publisher={JSTOR}
}

@article{killick2012optimal,
  title={Optimal detection of changepoints with a linear computational cost},
  author={Killick, Rebecca and Fearnhead, Paul and Eckley, Idris A},
  journal={Journal of the American Statistical Association},
  volume={107},
  number={500},
  pages={1590--1598},
  year={2012},
  publisher={Taylor \& Francis}
}

@article{rigaill2015pruned,
  title={A pruned dynamic programming algorithm to recover the best segmentations with 1 to K\_max change-points.},
  author={Rigaill, Guillem},
  journal={Journal de la Soci{\'e}t{\'e} Fran{\c{c}}aise de Statistique},
  volume={156},
  number={4},
  pages={180--205},
  year={2015}
}

@article{bardwell2019most,
  title={Most recent changepoint detection in panel data},
  author={Bardwell, Lawrence and Fearnhead, Paul and Eckley, Idris A and Smith, Simon and Spott, Martin},
  journal={Technometrics},
  volume={61},
  number={1},
  pages={88--98},
  year={2019},
  publisher={Taylor \& Francis}
}

@article{tibshirani2005sparsity,
  title={Sparsity and smoothness via the fused lasso},
  author={Tibshirani, Robert and Saunders, Michael and Rosset, Saharon and Zhu, Ji and Knight, Keith},
  journal={Journal of the Royal Statistical Society: Series B (Statistical Methodology)},
  volume={67},
  number={1},
  pages={91--108},
  year={2005},
  publisher={Wiley Online Library}
}

@article{lin2016approximate,
  title={Approximate Recovery in Changepoint Problems, from $$\backslash$ell\_2 $ Estimation Error Rates},
  author={Lin, Kevin and Sharpnack, James and Rinaldo, Alessandro and Tibshirani, Ryan J},
  journal={arXiv preprint arXiv:1606.06746},
  year={2016}
}

@article{cao2019sketching,
  title={Sketching for sequential change-point detection},
  author={Cao, Yang and Thompson, Andrew and Wang, Meng and Xie, Yao},
  journal={EURASIP Journal on Advances in Signal Processing},
  volume={2019},
  number={1},
  pages={1--22},
  year={2019},
  publisher={SpringerOpen}
}

@inproceedings{mishin2014real,
  title={Real time change point detection by incremental PCA in large scale sensor data},
  author={Mishin, Dmitry and Brantner-Magee, Kieran and Czako, Ferenc and Szalay, Alexander S},
  booktitle={2014 IEEE High Performance Extreme Computing Conference (HPEC)},
  pages={1--6},
  year={2014},
  organization={IEEE}
}

@article{woodruff2014sketching,
  title={Sketching as a tool for numerical linear algebra},
  author={Woodruff, David P},
  journal={arXiv preprint arXiv:1411.4357},
  year={2014}
}

@article{forni2001generalized,
  title={The generalized dynamic factor model: representation theory},
  author={Forni, Mario and Lippi, Marco},
  journal={Econometric theory},
  pages={1113--1141},
  year={2001},
  publisher={JSTOR}
}

@article{stock2002forecasting,
  title={Forecasting using principal components from a large number of predictors},
  author={Stock, James H and Watson, Mark W},
  journal={Journal of the American statistical association},
  volume={97},
  number={460},
  pages={1167--1179},
  year={2002},
  publisher={Taylor \& Francis}
}

@article{aston2012detecting,
  title={Detecting and estimating changes in dependent functional data},
  author={Aston, John AD and Kirch, Claudia},
  journal={Journal of Multivariate Analysis},
  volume={109},
  pages={204--220},
  year={2012},
  publisher={Elsevier}
}

@article{berkes2009detecting,
  title={Detecting changes in the mean of functional observations},
  author={Berkes, Istv{\'a}n and Gabrys, Robertas and Horv{\'a}th, Lajos and Kokoszka, Piotr},
  journal={Journal of the Royal Statistical Society: Series B (Statistical Methodology)},
  volume={71},
  number={5},
  pages={927--946},
  year={2009},
  publisher={Wiley Online Library}
}

@inproceedings{tillmann2014projection,
  title={Projection onto the cosparse set is NP-hard},
  author={Tillmann, Andreas M and Gribonval, R{\'e}mi and Pfetsch, Marc E},
  booktitle={2014 IEEE International Conference on Acoustics, Speech and Signal Processing (ICASSP)},
  pages={7148--7152},
  year={2014},
  organization={IEEE}
}

@phdthesis{wang2016spectral,
  title={Spectral methods and computational trade-offs in high-dimensional statistical inference},
  author={Wang, Tengyao},
  year={2016},
  school={Department of Pure Mathematics and Mathematical Statistics, University of~…}
}

@book{boyd2011distributed,
  title={Distributed optimization and statistical learning via the alternating direction method of multipliers},
  author={Boyd, Stephen and Parikh, Neal and Chu, Eric},
  year={2011},
  publisher={Now Publishers Inc}
}

@book{horvath2012inference,
  title={Inference for functional data with applications},
  author={Horv{\'a}th, Lajos and Kokoszka, Piotr},
  volume={200},
  year={2012},
  publisher={Springer Science \& Business Media}
}

@book{meyer2000matrix,
  title={Matrix analysis and applied linear algebra},
  author={Meyer, Carl D},
  volume={71},
  year={2000},
  publisher={Siam}
}

@article{horvath2015empirical,
  title={Empirical eigenvalue based testing for structural breaks in linear panel data models},
  author={Horv{\'a}th, Lajos and Rice, Gregory},
  journal={arXiv preprint arXiv:1511.00284},
  year={2015}
}

@article{bunch1978rank,
  title={Rank-one modification of the symmetric eigenproblem},
  author={Bunch, James R and Nielsen, Christopher P and Sorensen, Danny C},
  journal={Numerische Mathematik},
  volume={31},
  number={1},
  pages={31--48},
  year={1978},
  publisher={Springer}
}

@article{aue2009estimation,
  title={Estimation of a change-point in the mean function of functional data},
  author={Aue, Alexander and Gabrys, Robertas and Horv{\'a}th, Lajos and Kokoszka, Piotr},
  journal={Journal of Multivariate Analysis},
  volume={100},
  number={10},
  pages={2254--2269},
  year={2009},
  publisher={Elsevier}
}

@article{hormann2010weakly,
  title={Weakly dependent functional data},
  author={H{\"o}rmann, Siegfried and Kokoszka, Piotr and others},
  journal={The Annals of Statistics},
  volume={38},
  number={3},
  pages={1845--1884},
  year={2010},
  publisher={Institute of Mathematical Statistics}
}

@article{zhang2011testing,
  title={Testing the structural stability of temporally dependent functional observations and application to climate projections},
  author={Zhang, Xianyang and Shao, Xiaofeng and Hayhoe, Katharine and Wuebbles, Donald J and others},
  journal={Electronic Journal of Statistics},
  volume={5},
  pages={1765--1796},
  year={2011},
  publisher={The Institute of Mathematical Statistics and the Bernoulli Society}
}

@article{horvath2010testing,
  title={Testing the stability of the functional autoregressive process},
  author={Horv{\'a}th, Lajos and Hu{\v{s}}kov{\'a}, Marie and Kokoszka, Piotr},
  journal={Journal of Multivariate Analysis},
  volume={101},
  number={2},
  pages={352--367},
  year={2010},
  publisher={Elsevier}
}

@article{de2015overview,
  title={Overview of PCA-based statistical process-monitoring methods for time-dependent, high-dimensional data},
  author={De Ketelaere, Bart and Hubert, Mia and Schmitt, Eric},
  journal={Journal of Quality Technology},
  volume={47},
  number={4},
  pages={318--335},
  year={2015},
  publisher={Taylor \& Francis}
}

@article{khanmohammadi2017adaptive,
  title={Adaptive Seizure Onset Detection Framework Using a Hybrid PCA--CSP Approach},
  author={Khanmohammadi, Sina and Chou, Chun-An},
  journal={IEEE journal of biomedical and health informatics},
  volume={22},
  number={1},
  pages={154--160},
  year={2017},
  publisher={IEEE}
}

@article{shen2016general,
  title={A general framework for consistency of principal component analysis},
  author={Shen, Dan and Shen, Haipeng and Marron, JS},
  journal={The Journal of Machine Learning Research},
  volume={17},
  number={1},
  pages={5218--5251},
  year={2016},
  publisher={JMLR. org}
}

@article{he2018asymptotically,
  title={Asymptotically independent U-statistics in high-dimensional testing},
  author={He, Yinqiu and Xu, Gongjun and Wu, Chong and Pan, Wei},
  journal={arXiv preprint arXiv:1809.00411},
  year={2018}
}

@article{wang2019hypothesis,
  title={Hypothesis testing for high-dimensional time series via self-normalization},
  author={Wang, Runmin and Shao, Xiaofeng},
  journal={Annals of Statistics, to appear},
  year={2019}
}

@article{ayyala2017mean,
  title={Mean vector testing for high-dimensional dependent observations},
  author={Ayyala, Deepak Nag and Park, Junyong and Roy, Anindya},
  journal={Journal of Multivariate Analysis},
  volume={153},
  pages={136--155},
  year={2017},
  publisher={Elsevier}
}

@article{wang2019inference,
  title={Inference for change points in high dimensional data},
  author={Wang, Runmin and Volgushev, Stanislav and Shao, Xiaofeng},
  journal={arXiv preprint arXiv:1905.08446},
  year={2019}
}

@article{shao2015self,
  title={Self-normalization for time series: a review of recent developments},
  author={Shao, Xiaofeng},
  journal={Journal of the American Statistical Association},
  volume={110},
  number={512},
  pages={1797--1817},
  year={2015},
  publisher={Taylor \& Francis}
}

@article{srivastava1986likelihood,
  title={Likelihood ratio tests for a change in the multivariate normal mean},
  author={Srivastava, MS and Worsley, Keith J},
  journal={Journal of the American Statistical Association},
  volume={81},
  number={393},
  pages={199--204},
  year={1986},
  publisher={Taylor \& Francis}
}

@article{hahn2020bayesproject,
  title={BayesProject: Fast computation of a projection direction for multivariate changepoint detection},
  author={Hahn, Georg and Fearnhead, Paul and Eckley, Idris A},
  journal={Statistics and Computing},
  pages={1--15},
  year={2020},
  publisher={Springer}
}

@article{cattell1966scree,
  title={The scree test for the number of factors},
  author={Cattell, Raymond B},
  journal={Multivariate behavioral research},
  volume={1},
  number={2},
  pages={245--276},
  year={1966},
  publisher={Taylor \& Francis}
}

@article{kim2013central,
  title={Central Limit Theorems for Reduced U-Statistics Under Dependence and Their Usefulness},
  author={Kim, Tae Yoon and Ha, Jeongcheol and Hwang, Sun Young and Park, Cheolyong and Luo, Zhi-Ming},
  journal={Australian \& New Zealand Journal of Statistics},
  volume={55},
  number={4},
  pages={387--399},
  year={2013},
  publisher={Wiley Online Library}
}

@book{mathai1992quadratic,
  title={Quadratic forms in random variables: theory and applications},
  author={Mathai, Arakaparampil M and Provost, Serge B},
  year={1992},
  publisher={Dekker}
}

@article{horvath2012change,
  title={Change-point detection in panel data},
  author={Horv{\'a}th, Lajos and Hu{\v{s}}kov{\'a}, Marie},
  journal={Journal of Time Series Analysis},
  volume={33},
  number={4},
  pages={631--648},
  year={2012},
  publisher={Wiley Online Library}
}

@article{jirak2015uniform,
  title={Uniform change point tests in high dimension},
  author={Jirak, Moritz and others},
  journal={The Annals of Statistics},
  volume={43},
  number={6},
  pages={2451--2483},
  year={2015},
  publisher={Institute of Mathematical Statistics}
}

@article{chen2010two,
  title={A two-sample test for high-dimensional data with applications to gene-set testing},
  author={Chen, Song Xi and Qin, Ying-Li and others},
  journal={The Annals of Statistics},
  volume={38},
  number={2},
  pages={808--835},
  year={2010},
  publisher={Institute of Mathematical Statistics}
}

@techreport{anderson1962introduction,
  title={An introduction to multivariate statistical analysis},
  author={Anderson, Theodore Wilbur},
  year={1962},
  institution={Wiley New York}
}

@article{cho2015multiple,
  title={Multiple-change-point detection for high dimensional time series via sparsified binary segmentation},
  author={Cho, Haeran and Fryzlewicz, Piotr},
  journal={Journal of the Royal Statistical Society: Series B: Statistical Methodology},
  pages={475--507},
  year={2015},
  publisher={JSTOR}
}

@article{xu2016adaptive,
  title={An adaptive two-sample test for high-dimensional means},
  author={Xu, Gongjun and Lin, Lifeng and Wei, Peng and Pan, Wei},
  journal={Biometrika},
  volume={103},
  number={3},
  pages={609--624},
  year={2016},
  publisher={Oxford University Press}
}

@book{brillinger2001time,
  title={Time series: data analysis and theory},
  author={Brillinger, David R},
  year={2001},
  publisher={SIAM}
}

@article{fryzlewicz2014wild,
  title={Wild binary segmentation for multiple change-point detection},
  author={Fryzlewicz, Piotr and others},
  journal={The Annals of Statistics},
  volume={42},
  number={6},
  pages={2243--2281},
  year={2014},
  publisher={Institute of Mathematical Statistics}
}

@article{fryzlewicz2020detecting,
  title={Detecting possibly frequent change-points: Wild Binary Segmentation 2 and steepest-drop model selection},
  author={Fryzlewicz, Piotr},
  journal={Journal of the Korean Statistical Society},
  pages={1--44},
  year={2020},
  publisher={Springer}
}

@article{fryzlewicz2018tail,
  title={Tail-greedy bottom-up data decompositions and fast multiple change-point detection},
  author={Fryzlewicz, Piotr and others},
  journal={The Annals of Statistics},
  volume={46},
  number={6B},
  pages={3390--3421},
  year={2018},
  publisher={Institute of Mathematical Statistics}
}

@inproceedings{lee2007treelets,
  title={Treelets| A Tool for Dimensionality Reduction and Multi-Scale Analysis of Unstructured Data},
  author={Lee, Ann B and Nadler, Boaz},
  booktitle={Artificial Intelligence and Statistics},
  pages={259--266},
  year={2007}
}

@article{Lee_2008,
   title={Treelets—An adaptive multi-scale basis for sparse unordered data},
   volume={2},
   ISSN={1932-6157},
   DOI={10.1214/07-aoas137},
   number={2},
   journal={The Annals of Applied Statistics},
   publisher={Institute of Mathematical Statistics},
   author={Lee, Ann B. and Nadler, Boaz and Wasserman, Larry},
   year={2008},
   month={Jun},
   pages={435–471}
}

@article{Tuglus2008DISCUSSIONOT,
  title={DISCUSSION OF: TREELETS-AN ADAPTIVE MULTI-SCALE BASIS FOR SPARSE UNORDERED DATA.},
  author={Catherine Tuglus and Mark J. van der Laan},
  journal={The annals of applied statistics},
  year={2008},
  volume={2 2},
  pages={489-493}
}

@inproceedings{Qiu2008DiscussionOT,
  title={Discussion of: Treelets—An adaptive multi-scale basis for sparse unordered data},
  author={Xing Qiu},
  year={2008}
}

@inproceedings{Bickel2008DiscussionOT,
  title={Discussion of: Treelets—An adaptive multi-scale basis for sparse unordered data},
  author={Peter J. Bickel and Ya'acov Ritov},
  year={2008}
}

@inproceedings{Lee2008RejoinderOT,
  title={Rejoinder of: Treelets—An adaptive multi-scale basis for spare unordered data},
  author={Ann B. Lee and Boaz Nadler and Larry Wasserman},
  year={2008}
}

@article{fryzlewicz2018tail,
  title={Tail-greedy bottom-up data decompositions and fast multiple change-point detection},
  author={Fryzlewicz, Piotr and others},
  journal={The Annals of Statistics},
  volume={46},
  number={6B},
  pages={3390--3421},
  year={2018},
  publisher={Institute of Mathematical Statistics}
}

@article{murtagh2007haar,
  title={The Haar wavelet transform of a dendrogram},
  author={Murtagh, Fionn},
  journal={Journal of Classification},
  volume={24},
  number={1},
  pages={3--32},
  year={2007},
  publisher={Springer}
}

@book{kaufman2009finding,
  title={Finding groups in data: an introduction to cluster analysis},
  author={Kaufman, Leonard and Rousseeuw, Peter J},
  volume={344},
  year={2009},
  publisher={John Wiley \& Sons}
}

@article{zou2006sparse,
  title={Sparse principal component analysis},
  author={Zou, Hui and Hastie, Trevor and Tibshirani, Robert},
  journal={Journal of computational and graphical statistics},
  volume={15},
  number={2},
  pages={265--286},
  year={2006},
  publisher={Taylor \& Francis}
}

@article{shitov2019counterexamples,
  title={Counterexamples to Hedetniemi's conjecture},
  author={Shitov, Yaroslav},
  journal={arXiv preprint arXiv:1905.02167},
  year={2019}
}

@techreport{hedetniemi1966homomorphisms,
  title={HOMOMORPHISMS OF GRAPHS AND AUTOMATA.},
  author={Hedetniemi, Stephen T},
  year={1966},
  institution={MICHIGAN UNIV ANN ARBOR COMMUNICATION SCIENCES PROGRAM}
}

@article{chang2014segmenting,
  title={Segmenting Multiple Time Series by Contemporaneous Linear Transformation: PCA for time series},
  author={Chang, Jinyuan and Guo, Bin and Yao, Qiwei},
  journal={arXiv preprint arXiv:1410.2323},
  year={2014},
  publisher={Citeseer}
}

@article{fryzlewicz2007unbalanced,
  title={Unbalanced Haar technique for nonparametric function estimation},
  author={Fryzlewicz, Piotr},
  journal={Journal of the American Statistical Association},
  volume={102},
  number={480},
  pages={1318--1327},
  year={2007},
  publisher={Taylor \& Francis}
}

@article{adler2000excursion,
  title={On excursion sets, tube formulas and maxima of random fields},
  author={Adler, Robert J},
  journal={Annals of Applied Probability},
  pages={1--74},
  year={2000},
  publisher={JSTOR}
}

@article{kabluchko2007extreme,
  title={Extreme-value analysis of standardized Gaussian increments},
  author={Kabluchko, Zakhar},
  journal={arXiv preprint arXiv:0706.1849},
  year={2007}
}

@book{kollo2006advanced,
  title={Advanced multivariate statistics with matrices},
  author={Kollo, Tonu and von Rosen, Dietrich},
  volume={579},
  year={2006},
  publisher={Springer Science \& Business Media}
}


@book{hall2013bootstrap,
  title={The bootstrap and Edgeworth expansion},
  author={Hall, Peter},
  year={2013},
  publisher={Springer Science \& Business Media}
}

@article{kundhi2019simplified,
  title={Simplified Matrix Methods for Multivariate Edgeworth Expansions},
  author={Kundhi, Gubhinder and Rilstone, Paul},
  journal={Journal of Quantitative Economics},
  pages={1--34},
  year={2019},
  publisher={Springer}
}

@misc{shao2003mathematical,
  title={Mathematical statistics},
  author={Shao, Jun},
  year={2003},
  publisher={Springer}
}

@article{richter1957local,
  title={Local limit theorems for large deviations},
  author={Richter, Wolfgang},
  journal={Theory of Probability \& Its Applications},
  volume={2},
  number={2},
  pages={206--220},
  year={1957},
  publisher={SIAM}
}

@incollection{munk2020photonic,
  title={Photonic Imaging with Statistical Guarantees: From Multiscale Testing to Multiscale Estimation},
  author={Munk, Axel and Proksch, Katharina and Li, Housen and Werner, Frank},
  booktitle={Nanoscale Photonic Imaging},
  pages={283--312},
  year={2020},
  publisher={Springer}
}

@article{fryzlewicz2020narrowest,
  title={Narrowest Significance Pursuit: inference for multiple change-points in linear models},
  author={Fryzlewicz, Piotr},
  journal={arXiv preprint arXiv:2009.05431},
  year={2020}
}

@article{mildenberger2008geometric,
  title={A geometric interpretation of the multiresolution criterion in nonparametric regression},
  author={Mildenberger, Thoralf},
  journal={Journal of Nonparametric Statistics},
  volume={20},
  number={7},
  pages={599--609},
  year={2008},
  publisher={Taylor \& Francis}
}

@article{cho2020data,
  title={Data segmentation algorithms: Univariate mean change and beyond},
  author={Cho, Haeran and Kirch, Claudia},
  journal={arXiv preprint arXiv:2012.12814},
  year={2020}
}

@article{chen2019testing,
  title={Testing for trends in high-dimensional time series},
  author={Chen, Likai and Wu, Wei Biao},
  journal={Journal of the American Statistical Association},
  volume={114},
  number={526},
  pages={869--881},
  year={2019},
  publisher={Taylor \& Francis}
}

@article{dvovrak2015stability,
  title={Stability in Autoregressive Time Series Models},
  journal={Ph.D. Dissertation, Charles
University},
  author={Dvo{\v{r}}{\'a}k, Marek},
  year={2015},
  publisher={Univerzita Karlova, Matematicko-fyzik{\'a}ln{\'\i} fakulta}
}

@article{tukey1993exploratory,
  title={Exploratory analysis of variance as providing examples of strategic choices},
  author={Tukey, John W},
  journal={New Directions in Statistical Data Analysis and Robustness, Basel. Birkh{\"a}user},
  year={1993}
}

@article{phillips2012testing,
  title={Testing for multiple bubbles},
  author={Phillips, Peter CB and Shi, Shuping and Yu, Jun},
  year={2012},
  journal={Cowles Foundation discussion paper}
}

@article{schroder2019fresped,
  title={FreSpeD: Frequency-specific change-point detection in epileptic seizure multi-channel EEG data},
  author={Schr{\"o}der, Anna Louise and Ombao, Hernando},
  journal={Journal of the American Statistical Association},
  volume={114},
  number={525},
  pages={115--128},
  year={2019},
  publisher={Taylor \& Francis}
}

@article{jaruvskova1997some,
  title={Some problems with application of change-point detection methods to environmental data},
  author={Jaru{\v{s}}kov{\'a}, Daniela},
  journal={Environmetrics: The official journal of the International Environmetrics Society},
  volume={8},
  number={5},
  pages={469--483},
  year={1997},
  publisher={Wiley Online Library}
}

@article{fryzlewicz2006haar,
  title={A Haar--Fisz technique for locally stationary volatility estimation},
  author={Fryzlewicz, Piotr and Sapatinas, Theofanis and Rao, Suhasini Subba},
  journal={Biometrika},
  volume={93},
  number={3},
  pages={687--704},
  year={2006},
  publisher={Oxford University Press}
}

@article{fryzlewicz2018tail,
  title={Tail-greedy bottom-up data decompositions and fast multiple change-point detection},
  author={Fryzlewicz, Piotr and others},
  journal={Annals of Statistics},
  volume={46},
  number={6B},
  pages={3390--3421},
  year={2018},
  publisher={Institute of Mathematical Statistics}
}

@article{cho2017high,
  title={High-dimensional GARCH process segmentation with an application to Value-at-Risk},
  author={Cho, Haeran and Korkas, Karolos},
  journal={arXiv preprint arXiv:1706.01155},
  year={2017}
}

@article{bai2010common,
  title={Common breaks in means and variances for panel data},
  author={Bai, Jushan},
  journal={Journal of Econometrics},
  volume={157},
  number={1},
  pages={78--92},
  year={2010},
  publisher={Elsevier}
}

@article{zhang2010detecting,
  title={Detecting simultaneous changepoints in multiple sequences},
  author={Zhang, Nancy R and Siegmund, David O and Ji, Hanlee and Li, Jun Z},
  journal={Biometrika},
  volume={97},
  number={3},
  pages={631--645},
  year={2010},
  publisher={Oxford University Press}
}

@article{chan2013darling,
  title={Darling--Erd{\H{o}}s limit results for change-point detection in panel data},
  author={Chan, Julian and Horv{\'a}th, Lajos and Hu{\v{s}}kov{\'a}, Marie},
  journal={Journal of Statistical Planning and Inference},
  volume={143},
  number={5},
  pages={955--970},
  year={2013},
  publisher={Elsevier}
}

@article{chan2017multi,
  title={Multi-sequence segmentation via score and higher-criticism tests},
  author={Chan, Hock-Peng and Chen, Hao},
  journal={arXiv preprint arXiv:1706.07586},
  year={2017}
}

@article{aston2012detecting,
  title={Detecting and estimating changes in dependent functional data},
  author={Aston, John AD and Kirch, Claudia},
  journal={Journal of Multivariate Analysis},
  volume={109},
  pages={204--220},
  year={2012},
  publisher={Elsevier}
}

@article{tickle2020computationally,
  title={A computationally efficient, high-dimensional multiple changepoint procedure with application to global terrorism incidence},
  author={Tickle, SO and Eckley, IA and Fearnhead, P},
  journal={arXiv preprint arXiv:2011.03599},
  year={2020}
}

@article{pevsta2019nuisance,
  title={Nuisance-parameter-free changepoint detection in non-stationary series},
  author={Pe{\v{s}}ta, Michal and Wendler, Martin},
  journal={Test},
  pages={1--30},
  year={2019},
  publisher={Springer}
}

@article{durre2017robust,
  title={Robust change-point detection and dependence modeling},
  author={D{\"u}rre, Alexander},
  year={2017},
  journal={PhD Thesis, Technischen Universität Dortmund}
}

@article{liu2020unified,
  title={A unified data-adaptive framework for high dimensional change point detection},
  author={Liu, Bin and Zhou, Cheng and Zhang, Xinsheng and Liu, Yufeng},
  journal={Journal of the Royal Statistical Society: Series B (Statistical Methodology)},
  volume={4},
  number={82},
  pages={933--963},
  year={2020}
}

@article{donoho2004higher,
  title={Higher criticism for detecting sparse heterogeneous mixtures},
  author={Donoho, David and Jin, Jiashun and others},
  journal={The Annals of Statistics},
  volume={32},
  number={3},
  pages={962--994},
  year={2004},
  publisher={Institute of Mathematical Statistics}
}

@article{liu2019minimax,
  title={Minimax rates in sparse, high-dimensional changepoint detection},
  author={Liu, Haoyang and Gao, Chao and Samworth, Richard J},
  journal={arXiv preprint arXiv:1907.10012},
  year={2019}
}

@article{fryz19dimsum,
 title={Difference-In-Means scaled cuSUM (DIM-SUM): basic building block for multivariate change-point detection},
 author={Fryzlewicz, Piotr}, 
 year={2019},
 journal={unpublished note}
}

%@article{walther2010optimal,
  title={Optimal and fast detection of spatial clusters with scan statistics},
  author={Walther, Guenther and others},
  journal={The Annals of Statistics},
  volume={38},
  number={2},
  pages={1010--1033},
  year={2010},
  publisher={Institute of Mathematical Statistics}
}

@article{forni2005generalized,
  title={The generalized dynamic factor model: one-sided estimation and forecasting},
  author={Forni, Mario and Hallin, Marc and Lippi, Marco and Reichlin, Lucrezia},
  journal={Journal of the American Statistical Association},
  volume={100},
  number={471},
  pages={830--840},
  year={2005},
  publisher={Taylor \& Francis}
}

@article{kneip1992statistical,
  title={Statistical tools to analyze data representing a sample of curves},
  author={Kneip, Alois and Gasser, Theo},
  journal={The Annals of Statistics},
  pages={1266--1305},
  year={1992},
  publisher={JSTOR}
}

@article{kerr2008techniques,
  title={Techniques for clustering gene expression data},
  author={Kerr, Grainne and Ruskin, Heather J and Crane, Martin and Doolan, Padraig},
  journal={Computers in biology and medicine},
  volume={38},
  number={3},
  pages={283--293},
  year={2008},
  publisher={Elsevier}
}

@article{Tuglus2008DISCUSSIONOT,
  title={DISCUSSION OF: TREELETS-AN ADAPTIVE MULTI-SCALE BASIS FOR SPARSE UNORDERED DATA.},
  author={Catherine Tuglus and Mark J. van der Laan},
  journal={The annals of applied statistics},
  year={2008},
  volume={2 2},
  pages={489-493}
}

@inproceedings{Qiu2008DiscussionOT,
  title={Discussion of: Treelets—An adaptive multi-scale basis for sparse unordered data},
  author={Xing Qiu},
  year={2008}
}

@inproceedings{Bickel2008DiscussionOT,
  title={Discussion of: Treelets—An adaptive multi-scale basis for sparse unordered data},
  author={Peter J. Bickel and Ya'acov Ritov},
  year={2008}
}

@inproceedings{Lee2008RejoinderOT,
  title={Rejoinder of: Treelets—An adaptive multi-scale basis for spare unordered data},
  author={Ann B. Lee and Boaz Nadler and Larry Wasserman},
  year={2008}
}

@article{hsing1995note,
  title={A note on the asymptotic independence of the sum and maximum of strongly mixing stationary random variables},
  author={Hsing, Tailen},
  journal={The Annals of Probability},
  pages={938--947},
  year={1995},
  publisher={JSTOR}
}

@article{siegmund1995using,
  title={Using the generalized likelihood ratio statistic for sequential detection of a change-point},
  author={Siegmund, David and Venkatraman, ES},
  journal={The Annals of Statistics},
  pages={255--271},
  year={1995},
  publisher={JSTOR}
}

@article{kabluchko2011extremes,
  title={Extremes of the standardized Gaussian noise},
  author={Kabluchko, Zakhar},
  journal={Stochastic Processes and their Applications},
  volume={121},
  number={3},
  pages={515--533},
  year={2011},
  publisher={Elsevier}
}

@article{dumbgen2001multiscale,
  title={Multiscale testing of qualitative hypotheses},
  author={Dumbgen, Lutz and Spokoiny, Vladimir G},
  journal={Annals of Statistics},
  pages={124--152},
  year={2001},
  publisher={JSTOR}
}

@article{betken2019testing,
  title={Testing for Change in Long-Memory Stochastic Volatility Time Series},
  author={Betken, Annika and Kulik, Rafa{\l}},
  journal={Journal of Time Series Analysis},
  volume={40},
  number={5},
  pages={707--738},
  year={2019},
  publisher={Wiley Online Library}
}

@article{Tibshirani2008DiscussionOT,
  title={Discussion of: Treelets—An adaptive multi-scale basis for sparse unordered data},
  author={R. Tibshirani},
  journal={The Annals of Applied Statistics},
  year={2008},
  volume={2},
  pages={482-483}
}

@article{wang2020univariate,
  title={Univariate mean change point detection: Penalization, cusum and optimality},
  author={Wang, Daren and Yu, Yi and Rinaldo, Alessandro and others},
  journal={Electronic Journal of Statistics},
  volume={14},
  number={1},
  pages={1917--1961},
  year={2020},
  publisher={The Institute of Mathematical Statistics and the Bernoulli Society}
}

@article{chan2013detection,
  title={Detection with the scan and the average likelihood ratio},
  author={Chan, Hock Peng and Walther, Guenther},
  journal={Statistica Sinica},
  pages={409--428},
  year={2013},
  publisher={JSTOR}
}

@article{page1954continuous,
  title={Continuous inspection schemes},
  author={Page, Ewan S},
  journal={Biometrika},
  volume={41},
  number={1/2},
  pages={100--115},
  year={1954},
  publisher={JSTOR}
}

@article{olshen2004circular,
  title={Circular binary segmentation for the analysis of array-based DNA copy number data},
  author={Olshen, Adam B and Venkatraman, ES and Lucito, Robert and Wigler, Michael},
  journal={Biostatistics},
  volume={5},
  number={4},
  pages={557--572},
  year={2004},
  publisher={Oxford University Press}
}

@article{massart2007concentration,
  title={Concentration inequalities and model selection},
  author={Massart, Pascal},
  year={2007},
  publisher={Springer}
}

@article{li2019multiscale,
  title={Multiscale change-point segmentation: Beyond step functions},
  author={Li, Housen and Guo, Qinghai and Munk, Axel and others},
  journal={Electronic Journal of Statistics},
  volume={13},
  number={2},
  pages={3254--3296},
  year={2019},
  publisher={The Institute of Mathematical Statistics and the Bernoulli Society}
}

@article{bai1997estimation,
  title={Estimation of a change point in multiple regression models},
  author={Bai, Jushan},
  journal={Review of Economics and Statistics},
  volume={79},
  number={4},
  pages={551--563},
  year={1997},
  publisher={MIT Press}
}

@article{kovacs2020seeded,
  title={Seeded intervals and noise level estimation in change point detection: a discussion of Fryzlewicz (2020)},
  author={Kov{\'a}cs, Solt and Li, Housen and B{\"u}hlmann, Peter},
  journal={Journal of the Korean Statistical Society},
  volume={49},
  number={4},
  pages={1081--1089},
  year={2020},
  publisher={Springer}
}

@article{frick2014multiscale,
  title={Multiscale change point inference},
  author={Frick, Klaus and Munk, Axel and Sieling, Hannes},
  journal={Journal of the Royal Statistical Society: Series B: Statistical Methodology},
  pages={495--580},
  year={2014},
  publisher={JSTOR}
}

@article{pein2015heterogeneous,
  title={Heterogeneous change point inference},
  author={Pein, Florian and Sieling, Hannes and Munk, Axel},
  journal={arXiv preprint arXiv:1505.04898},
  year={2015}
}

@article{jewel2020thesis,
  title={Estimation and Inference in Changepoint Models},
  author={Jewell, Sean},
  journal={PhD Thesis, University of Washington},
  year={2020}
}

@article{friedrich2008complexity,
  title={Complexity penalized M-estimation: fast computation},
  author={Friedrich, Felix and Kempe, Angela and Liebscher, Volkmar and Winkler, Gerhard},
  journal={Journal of Computational and Graphical Statistics},
  volume={17},
  number={1},
  pages={201--224},
  year={2008},
  publisher={Taylor \& Francis}
}

@article{maidstone2017optimal,
  title={On optimal multiple changepoint algorithms for large data},
  author={Maidstone, Robert and Hocking, Toby and Rigaill, Guillem and Fearnhead, Paul},
  journal={Statistics and computing},
  volume={27},
  number={2},
  pages={519--533},
  year={2017},
  publisher={Springer}
}

@article{bai1998estimating,
  title={Estimating and testing linear models with multiple structural changes},
  author={Bai, Jushan and Perron, Pierre},
  journal={Econometrica},
  pages={47--78},
  year={1998},
  publisher={JSTOR}
}

@article{davies2001local,
  title={Local extremes, runs, strings and multiresolution},
  author={Davies, P Laurie and Kovac, Arne},
  journal={Annals of Statistics},
  pages={1--48},
  year={2001},
  publisher={JSTOR}
}

@article{bai2002determining,
  title={Determining the number of factors in approximate factor models},
  author={Bai, Jushan and Ng, Serena},
  journal={Econometrica},
  volume={70},
  number={1},
  pages={191--221},
  year={2002},
  publisher={Wiley Online Library}
}

@article{lam2012factor,
  title={Factor modeling for high-dimensional time series: inference for the number of factors},
  author={Lam, Clifford and Yao, Qiwei and others},
  journal={The Annals of Statistics},
  volume={40},
  number={2},
  pages={694--726},
  year={2012},
  publisher={Institute of Mathematical Statistics}
}

@article{johnstone2001distribution,
  title={On the distribution of the largest eigenvalue in principal components analysis},
  author={Johnstone, Iain M},
  journal={Annals of statistics},
  pages={295--327},
  year={2001},
  publisher={JSTOR}
}

@article{shao1995conjecture,
  title={On a conjecture of R{\'e}v{\'e}sz},
  author={Shao, Qi-Man},
  journal={Proceedings of the American Mathematical Society},
  pages={575--582},
  year={1995},
  publisher={JSTOR}
}

@incollection{steinebach1998conjecture,
  title={On a conjecture of R{\'e}v{\'e}sz and its analogue for renewal processes},
  author={Steinebach, Josef},
  booktitle={Asymptotic methods in probability and statistics},
  pages={311--322},
  year={1998},
  publisher={Elsevier}
}

@article{ingster2005detection,
  title={Detection of a signal of known shape in a multichannel system},
  author={Ingster, Yu I and Suslina, IA},
  journal={Journal of Mathematical Sciences},
  volume={127},
  number={1},
  pages={1723--1736},
  year={2005},
  publisher={Springer}
}

@article{groen2013multivariate,
  title={Multivariate methods for monitoring structural change},
  author={Groen, Jan JJ and Kapetanios, George and Price, Simon},
  journal={Journal of Applied Econometrics},
  volume={28},
  number={2},
  pages={250--274},
  year={2013},
  publisher={Wiley Online Library}
}

@article{jaruvskova2018estimating,
  title={Estimating non-simultaneous changes in the mean of vectors},
  author={Jaru{\v{s}}kov{\'a}, Daniela},
  journal={Metrika},
  volume={81},
  number={6},
  pages={721--743},
  year={2018},
  publisher={Springer}
}

@article{jaruvskova2015detecting,
  title={Detecting non-simultaneous changes in means of vectors},
  author={Jaru{\v{s}}kov{\'a}, Daniela},
  journal={Test},
  volume={24},
  number={4},
  pages={681--700},
  year={2015},
  publisher={Springer}
}

@article{boswijk2019cartel,
  title={Cartel dating},
  author={Boswijk, H Peter and Bun, Maurice JG and Schinkel, Maarten Pieter},
  journal={Journal of Applied Econometrics},
  volume={34},
  number={1},
  pages={26--42},
  year={2019},
  publisher={Wiley Online Library}
}

@article{wang2004change,
  title={Change-point monitoring for the detection of DoS attacks},
  author={Wang, Haining and Zhang, Danlu and Shin, Kang G},
  journal={IEEE Transactions on dependable and secure computing},
  volume={1},
  number={4},
  pages={193--208},
  year={2004},
  publisher={IEEE}
}

@article{zhang2021adaptive,
  title={Adaptive Inference for Change Points in High-Dimensional Data},
  author={Zhang, Yangfan and Wang, Runmin and Shao, Xiaofeng},
  journal={Journal of the American Statistical Association},
  pages={1--34},
  year={2021},
  publisher={Taylor \& Francis}
}

@article{pilliat2020optimal,
  title={Optimal multiple change-point detection for high-dimensional data},
  author={Pilliat, Emmanuel and Carpentier, Alexandra and Verzelen, Nicolas},
  journal={arXiv preprint arXiv:2011.07818},
  year={2020}
}

@article{levajkovic2021multiscale,
  title={Multiscale change point detection via gradual bandwidth adjustment in moving sum processes},
  author={Levajkovic, Tijana and Messer, Michael},
  journal={arXiv preprint arXiv:2103.01060},
  year={2021}
}

@article{chen2020high,
  title={High-dimensional, multiscale online changepoint detection},
  author={Chen, Yudong and Wang, Tengyao and Samworth, Richard J},
  journal={arXiv preprint arXiv:2003.03668},
  year={2020}
}

@article{bhattacharjee2019change,
  title={Change point estimation in panel data with temporal and cross-sectional dependence},
  author={Bhattacharjee, Monika and Banerjee, Moulinath and Michailidis, George},
  journal={arXiv preprint arXiv:1904.11101},
  year={2019}
}

@article{ramsay2008functional,
  title={Functional data analysis},
  author={Ramsay, James O and Silverman, BW},
  journal={{\.I}nternet Adresi: http},
  year={2008}
}

@article{hidalgo2017inference,
  title={Inference and testing breaks in large dynamic panels with strong cross sectional dependence},
  author={Hidalgo, Javier and Schafgans, Marcia},
  journal={Journal of Econometrics},
  volume={196},
  number={2},
  pages={259--274},
  year={2017},
  publisher={Elsevier}
}

@article{yu2020localising,
  title={Localising change points in piecewise polynomials of general degrees},
  author={Yu, Yi and Chatterjee, Sabyasachi},
  journal={arXiv preprint arXiv:2007.09910},
  year={2020}
}

@article{siegmund2000tail,
  title={Tail probabilities for the null distribution of scanning statistics},
  author={Siegmund, David and Yakir, Benjamin and others},
  journal={Bernoulli},
  volume={6},
  number={2},
  pages={191--213},
  year={2000},
  publisher={Bernoulli Society for Mathematical Statistics and Probability}
}

@article{kabluchko2014limiting,
  title={Limiting distribution for the maximal standardized increment of a random walk},
  author={Kabluchko, Zakhar and Wang, Yizao},
  journal={Stochastic Processes and their Applications},
  volume={124},
  number={9},
  pages={2824--2867},
  year={2014},
  publisher={Elsevier}
}

@article{mikhaleva1996distribution,
  title={On the distribution of the maximum of a Gaussian field with constant variance on a smooth manifold},
  author={Mikhaleva, TL and Piterbarg, Vladimir Il'ich},
  journal={Teoriya Veroyatnostei i ee Primeneniya},
  volume={41},
  number={2},
  pages={438--451},
  year={1996},
  publisher={Russian Academy of Sciences, Steklov Mathematical Institute of Russian~…}
}

@article{eichinger2018mosum,
  title={A MOSUM procedure for the estimation of multiple random change points},
  author={Eichinger, Birte and Kirch, Claudia and others},
  journal={Bernoulli},
  volume={24},
  number={1},
  pages={526--564},
  year={2018},
  publisher={Bernoulli Society for Mathematical Statistics and Probability}
}

@article{mitchell1953causes,
  title={On the causes of instrumentally observed secular temperature trends},
  author={Mitchell Jr, J Murray},
  journal={Journal of Atmospheric Sciences},
  volume={10},
  number={4},
  pages={244--261},
  year={1953}
}

@article{fryzlewicz2021robust,
  title={Robust Narrowest Significance Pursuit: inference for multiple change-points in the median},
  author={Fryzlewicz, Piotr},
  journal={arXiv preprint arXiv:2109.02487},
  year={2021}
}

@article{jula2021multiscale,
  title={Multiscale quantile segmentation},
  author={Jula Vanegas, Laura and Behr, Merle and Munk, Axel},
  journal={Journal of the American Statistical Association},
  pages={1--14},
  year={2021},
  publisher={Taylor \& Francis}
}

@article{hyun2021post,
  title={Post-selection inference for changepoint detection algorithms with application to copy number variation data},
  author={Hyun, Sangwon and Lin, Kevin Z and G'Sell, Max and Tibshirani, Ryan J},
  journal={Biometrics},
  year={2021},
  publisher={Wiley Online Library}
}

@article{jewell2019testing,
  title={Testing for a change in mean after changepoint detection},
  author={Jewell, Sean and Fearnhead, Paul and Witten, Daniela},
  journal={arXiv preprint arXiv:1910.04291},
  year={2019}
}

@article{valiollahi2021change,
  title={Change Point Analysis in Piecewise Polynomial Signals Using Trend Filtering},
  author={Valiollahi Mehrizi, Reza},
  year={2021},
  publisher={University of Waterloo}
}

@article{davies1995data,
  title={Data features 1},
  author={Davies, PL},
  journal={Statistica Neerlandica},
  volume={49},
  number={2},
  pages={185--245},
  year={1995},
  publisher={Wiley Online Library}
}

@article{chazelle1987intersection,
  title={Intersection of convex objects in two and three dimensions},
  author={Chazelle, Bernard and Dobkin, David P},
  journal={Journal of the ACM (JACM)},
  volume={34},
  number={1},
  pages={1--27},
  year={1987},
  publisher={ACM New York, NY, USA}
}